<?xml version="1.0" encoding="UTF-8"?><record xmlns="http://www.loc.gov/MARC21/slim" xmlns:cinclude="http://apache.org/cocoon/include/1.0" xmlns:zs="http://www.loc.gov/zing/srw/">
  <leader>00483nz  a2200133n  4500</leader>
  <controlfield tag="001">n 2015065643</controlfield>
  <controlfield tag="003">DLC</controlfield>
  <controlfield tag="005">20151106154841.0</controlfield>
  <controlfield tag="008">151106n| azannaabn          |n aaa      </controlfield>
  <datafield tag="010" ind1=" " ind2=" ">
    <subfield code="a">n 2015065643</subfield>
    <subfield code="z">n  82075852 </subfield>
  </datafield>
  <datafield tag="040" ind1=" " ind2=" ">
    <subfield code="a">DLC</subfield>
    <subfield code="b">eng</subfield>
    <subfield code="e">rda</subfield>
    <subfield code="c">DLC</subfield>
  </datafield>
  <datafield tag="100" ind1="1" ind2=" ">
    <subfield code="a">Lang, Gordon</subfield>
  </datafield>
  <datafield tag="667" ind1=" " ind2=" ">
    <subfield code="a">Formerly on undifferentiated name record: n  82075852</subfield>
  </datafield>
  <datafield tag="670" ind1=" " ind2=" ">
    <subfield code="a">Data from Tasmanian Film Corp. for Educational smorgasbord [MP] 1977, distributed 1981 (subj.)</subfield>
    <subfield code="b">(Gordon Lang, retired Australian headmaster)</subfield>
  </datafield>
</record>